

@misc {dkbbd,
	author  = "GitHub",
	title = "Flocker CLuster",
	url = "https://github.com/ClusterHQ/flocker"
}	

@misc {hvo,
	author = "CRIU",
	title = "CRIU",
	url = "https://criu.org/Main_Page"
}

@misc {afss,
	author = "ATLANTIS PRESS",
	title = "ATLANTIS PRESS",
	url = "http://www.atlantis-press.com/php/download_paper.php?id=25844406"
}
